@article{SpinningUp2018,
   author = {Achiam, Joshua},
   title  = {{Spinning Up in Deep Reinforcement Learning}},
   year   = {2018}
}

@inproceedings{Sim2RealDRL4MaplessNavi,
   title        = {Virtual-to-real deep reinforcement learning: Continuous control of mobile robots for mapless navigation},
   author       = {Tai, Lei and Paolo, Giuseppe and Liu, Ming},
   booktitle    = {2017 IEEE/RSJ International Conference on Intelligent Robots and Systems (IROS)},
   pages        = {31--36},
   year         = {2017},
   organization = {IEEE},
   doi          = {10.1109/IROS.2017.8202134}
}

